@String{CRAN = "http://CRAN.R-Project.org/" }
@String{manuals = CRAN # "doc/manuals/" }
@String{RCoreTeam = "{R Development Core Team}" }
@String{RFoundation = "R Foundation for Statistical Computing" }
@String{R-Forge = "http://R-Forge.R-Project.org/" }

@Misc{Cpp11,
  author =       "ISO/IEC",
  organization = "{International Organization for Standardization}",
  title =        "\proglang{C++} 2011 Standard Document 14882:2011",
  howpublished = {ISO/IEC Standard Group for Information Technology / Programming Languages / C++},
  year =         2011,
  url =         "http://www.iso.org/iso/iso_catalogue/catalogue_tc/catalogue_detail.htm?csnumber=50372",
  urlansi =     "http://webstore.ansi.org/RecordDetail.aspx?sku=ISO/IEC%2014882:2011"
}

